@book{QSS07,
title = "Numerical Mathematics",
author = "Quarteroni A., Sacco R., and Saleri F.",
publisher = "Springer-Verlag, Berlin",
year = "2007"
}
@article{CG,
title = "An Introduction to the Conjugate Method Without Agonizing Pain",
author = "Jonathan Richard Shewchuk",
year = "1994",
month = "August",
}
@ONLINE{Code,
title = "Matlab code for this homework",
author = "Jerry Chou",
url = {https://github.com/jerrychou82/Iterative_method/}
}
